%
% FILE    : references.bib
% AUTHOR  : Peter C. Chapin
% SUBJECT : BibTeX database for file system development.
%

% Trust Management Systems
% ========================

% PolicyMaker
% -----------

@inproceedings{Blaze:DTM,
  author = {Matt Blaze and Joan Feigenbaum and Jack Lacy},
  title = {Decentralized Trust Management},
  booktitle = {Proceedings of the 1996 {IEEE} Symposium on Security and Privacy},
  pages = {164--173},
  year = {1996},
  month = {May},
  publisher = {IEEE Computer Society Press}
}

